<record><leader>00000cas a2200000 i 4500</leader><controlfield tag="001">826648784</controlfield><controlfield tag="007">hd afu---baca</controlfield><controlfield tag="007">hd bfu---baaa</controlfield><controlfield tag="008">130204u1997uuuudcuer nea     0    0fre  </controlfield><datafield ind1=" " ind2=" " tag="010"><subfield code="a">  2013218533</subfield></datafield><datafield ind1=" " ind2=" " tag="040"><subfield code="a">DLC</subfield><subfield code="b">eng</subfield><subfield code="e">rda</subfield><subfield code="c">DLC</subfield><subfield code="d">DLC</subfield><subfield code="d">OCLCQ</subfield><subfield code="d">OCLCF</subfield></datafield><datafield ind1=" " ind2=" " tag="042"><subfield code="a">pcc</subfield></datafield><datafield ind1=" " ind2=" " tag="043"><subfield code="a">f-dm---</subfield></datafield><datafield ind1="0" ind2="0" tag="050"><subfield code="a">Newspaper</subfield></datafield><datafield ind1="0" ind2=" " tag="130"><subfield code="a">Pyramide (Cotonou, Benin)</subfield></datafield><datafield ind1="1" ind2="3" tag="245"><subfield code="a">La pyramide.</subfield></datafield><datafield ind1=" " ind2="1" tag="264"><subfield code="a">Washington, DC :</subfield><subfield code="b">Library of Congress Photoduplication Service</subfield></datafield><datafield ind1=" " ind2=" " tag="300"><subfield code="a">microfilm reels ;</subfield><subfield code="c">35 mm</subfield></datafield><datafield ind1=" " ind2=" " tag="310"><subfield code="a">Biweekly,</subfield><subfield code="b">&lt;Apr. 25, 2003-&gt;</subfield></datafield><datafield ind1=" " ind2=" " tag="321"><subfield code="a">Monthly,</subfield><subfield code="b">&lt;Aug. 2000-&gt;</subfield></datafield><datafield ind1=" " ind2=" " tag="336"><subfield code="a">text</subfield><subfield code="b">txt</subfield><subfield code="2">rdacontent</subfield></datafield><datafield ind1=" " ind2=" " tag="337"><subfield code="a">microform</subfield><subfield code="b">h</subfield><subfield code="2">rdamedia</subfield></datafield><datafield ind1=" " ind2=" " tag="338"><subfield code="a">microfilm reel</subfield><subfield code="b">hd</subfield><subfield code="2">rdacarrier</subfield></datafield><datafield ind1="1" ind2=" " tag="362"><subfield code="a">Began in 1997?</subfield></datafield><datafield ind1=" " ind2=" " tag="500"><subfield code="a">"Quotidien inde&#769;pendant d'informations &amp; d'analyses."</subfield></datafield><datafield ind1=" " ind2=" " tag="588"><subfield code="a">Description based on: 4e&#768;me Anne&#769;e, no. 171 (30 Aou&#770;t 2000); title from banner.</subfield></datafield><datafield ind1=" " ind2=" " tag="588"><subfield code="a">Latest issue consulted: 8e&#768;me Anne&#769;e, no. 550 (25 Avril 2003).</subfield></datafield><datafield ind1=" " ind2="0" tag="651"><subfield code="a">Cotonou (Benin)</subfield><subfield code="v">Newspapers.</subfield></datafield><datafield ind1=" " ind2="7" tag="655"><subfield code="a">Newspapers.</subfield><subfield code="2">fast</subfield><subfield code="0">(OCoLC)fst01423814</subfield></datafield><datafield ind1=" " ind2="7" tag="651"><subfield code="a">Benin</subfield><subfield code="z">Cotonou.</subfield><subfield code="2">fast</subfield><subfield code="0">(OCoLC)fst01224596</subfield></datafield><datafield ind1=" " ind2=" " tag="752"><subfield code="a">Benin</subfield><subfield code="d">Cotonou.</subfield></datafield><datafield ind1="0" ind2="8" tag="776"><subfield code="i">Reproduction of (manifestation):</subfield><subfield code="s">Pyramide (Cotonou, Benin).</subfield><subfield code="t">Pyramide</subfield><subfield code="d">Cotonou, Benin</subfield></datafield></record>